@misc{Havelund_Rosu_2004, 
	title={An Overview of the Runtime Verification Tool JavaPathExplorer}, 
	volume={24}, url={http://dx.doi.org/10.1023/B:FORM.0000017721.39909.4b}, DOI={10.1023/b:form.0000017721.39909.4b},
	number={2}, 
	journal={Formal Methods in System Design}, 
	publisher={Springer Science and Business Media LLC}, 
	author={Havelund, Klaus and Roşu, Grigore}, 
	year={2004}, 
	month={Mar}, 
	pages={189–215}, 
	language={en} } 